@book{cartan-eilenberg,
    booktitle = {Homological Algebra},
	address = {Princeton},
	keywords = {Topology},
	lccn = {53010148 /L},
	publisher = {Princeton University Press},
	series = {Princeton mathematical series},
	title = {Homological Algebra},
	year = {1956},
	author = {Cartan, Henri},
}

@book{bonn-lectures,
    booktitle = {Class Field Theory: The Bonn Lectures},
	publisher = {Springer Berlin, Heidelberg},
	title = {Class Field Theory: The Bonn Lectures},
	year = {2013},
	author = {Neukirch, J\"urgen},
}

@book{neukirch-alg-nt,
	place={Berlin},
	title={Algebraic Number Theory},
	series={Grundlehren der mathematischen Wissenschaften},
	publisher={Springer Berlin, Heidelberg},
	author={Neukirch, J\"urgen},
	year={1999}
}